@misc{ Nobody06,
       author = "Nobody Jr",
       title = "My Article",
       year = "2006" }
@article{vdso,
    author = "Daniel Pierre Bovet",
    title = "Implementing virtual system calls",
    year = "2014",
    url = "https://lwn.net/Articles/615809/",
    publisher = "LWN.net"
}

@article{rr,
    author = "Robert O'Callahan and Chris Jones and Nathan Froyd and Kyle Huey and Albert Noll and Nimrod Partush",
    title = "Engineering Record and Replay For Deployability Extended Technical Report",
    year = "2017",
    publisher = "arXiv",
    url = "https://arxiv.org/pdf/1705.05937.pdf"

}
@online{rr-site,
    title = "rr",
    url = "https://rr-project.org/"
}
@software{librr-src,
    title="librr",
    author="Zachary Porter",
    url="https://github.com/zaporter/rr/tree/f036bbc37fb63efea9ae99d82051efccf18d68df/src"
}
